@online{geeksforgeeks_lossfunctions,
  author  = {GeeksforGeeks},
  title   = {Common Loss Functions in Machine Learning},
  year    = {2023},
  url     = {https://www.geeksforgeeks.org/ml-common-loss-functions/},
  urldate = {2024-07-10}, % Update with your access date
  note    = {Accessed: July 10, 2024}
}
@online{scribbr_rl_applications,
  author  = {Scribbr},
  title   = {What are some real-life applications of reinforcement learning?},
  year    = {2023},
  url     = {https://www.scribbr.com/frequently-asked-questions/what-are-some-real-life-applications-of-reinforcement-learning/},
  urldate = {2024-07-10}, % Update with your access date
  note    = {Accessed: July 10, 2024}
}
@online{wiki_mdp,
  author  = {Wikipedia Contributors},
  title   = {Markov Decision Process},
  year    = {2024},
  url     = {https://en.wikipedia.org/wiki/Markov_decision_process},
  urldate = {2024-07-10}, % Update with your access date
  note    = {Accessed: July 10, 2024}
}