@inproceedings{sutton1999policy,
  title     = {Policy Gradient Methods for Reinforcement Learning with Function Approximation},
  author    = {Richard S. Sutton and David A. McAllester and Satinder P. Singh and Yishay Mansour},
  booktitle = {Advances in Neural Information Processing Systems 12 (NeurIPS 1999)},
  year      = {1999},
  pages     = {1057--1063},
  publisher = {MIT Press}
}

@book{sutton2018reinforcement,
  title     = {Reinforcement Learning: An Introduction},
  author    = {Richard S. Sutton and Andrew G. Barto},
  year      = {2018},
  publisher = {MIT Press},
  edition   = {2},
  url       = {http://incompleteideas.net/book/RLbook2020.pdf}
}