@book{sutton2018reinforcement,
  title     = {Reinforcement Learning: An Introduction},
  author    = {Richard S. Sutton and Andrew G. Barto},
  year      = {2018},
  publisher = {MIT Press},
  edition   = {2},
  url       = {http://incompleteideas.net/book/RLbook2020.pdf}
}

@book{goodfellow2016deep,
  title     = {Deep Learning},
  author    = {Ian Goodfellow and Yoshua Bengio and Aaron Courville},
  publisher = {MIT Press},
  year      = {2016},
  url       = {https://www.deeplearningbook.org}
}

@inproceedings{sutton1999policy,
  title     = {Policy Gradient Methods for Reinforcement Learning with Function Approximation},
  author    = {Richard S. Sutton and David A. McAllester and Satinder P. Singh and Yishay Mansour},
  booktitle = {Advances in Neural Information Processing Systems 12 (NeurIPS 1999)},
  year      = {1999},
  pages     = {1057--1063},
  publisher = {MIT Press}
}

@article{williams1992simple,
  title   = {Simple Statistical Gradient-Following Algorithms for Connectionist Reinforcement Learning},
  author  = {Ronald J. Williams},
  journal = {Machine Learning},
  year    = {1992},
  volume  = {8},
  pages   = {229--256},
  doi     = {10.1007/BF00992696}
}

@misc{levine2023cs285,
  author       = {Sergey Levine},
  title        = {CS285: Deep Reinforcement Learning},
  howpublished = {\url{https://rail.eecs.berkeley.edu/deeprlcourse/}},
  year         = {2023},
  note         = {Lecture materials from UC Berkeley},
}
