@article{ouyang2022instructgpt,
  title={Training language models to follow instructions with human feedback},
  author={Ouyang, Long and Wu, Jeff and Jiang, Xu and et al.},
  journal={arXiv preprint arXiv:2203.02155},
  year={2022}
}

@article{wei2021flan,
  title={Finetuned language models are zero-shot learners},
  author={Wei, Jason and Bosma, Maarten and Zhao, Vincent and et al.},
  journal={arXiv preprint arXiv:2109.01652},
  year={2021}
}

@article{sanh2021t0,
  title={Multitask Prompted Training Enables Zero-Shot Task Generalization},
  author={Sanh, Victor and Webson, Albert and Raffel, Colin and et al.},
  journal={arXiv preprint arXiv:2110.08207},
  year={2021}
}

@article{mishra2021natural,
  title={Natural instructions: Benchmarking generalization to new tasks from natural language instructions},
  author={Mishra, Swaroop and Khashabi, Daniel and Baral, Chitta and et al.},
  journal={arXiv preprint arXiv:2104.08773},
  year={2021}
}

@inproceedings{christiano2017preferences,
  title={Deep reinforcement learning from human preferences},
  author={Christiano, Paul F and Leike, Jan and Brown, Tom B and et al.},
  booktitle={Advances in Neural Information Processing Systems (NeurIPS)},
  year={2017}
}

@article{ziegler2019finetuning,
  title={Fine-Tuning Language Models from Human Preferences},
  author={Ziegler, Daniel M. and Stiennon, Nisan and Wu, Jeffrey and et al.},
  journal={arXiv preprint arXiv:1909.08593},
  year={2019}
}

@article{stiennon2020learning,
  title={Learning to summarize with human feedback},
  author={Stiennon, Nisan and Ouyang, Long and Wu, Jeff and et al.},
  journal={Advances in Neural Information Processing Systems (NeurIPS)},
  year={2020}
}

@article{schulman2017ppo,
  title={Proximal Policy Optimization Algorithms},
  author={Schulman, John and Wolski, Filip and Dhariwal, Prafulla and Radford, Alec and Klimov, Oleg},
  journal={arXiv preprint arXiv:1707.06347},
  year={2017}
}

@article{friston2010fep,
  title={The free-energy principle: a unified brain theory?},
  author={Friston, Karl},
  journal={Nature Reviews Neuroscience},
  volume={11},
  number={2},
  pages={127--138},
  year={2010},
  publisher={Nature Publishing Group}
}

@article{lowe2017marl,
  title={Multi-agent actor-critic for mixed cooperative-competitive environments},
  author={Lowe, Ryan and Wu, Yi and Tamar, Aviv and Harb, Jean and Abbeel, Pieter and Mordatch, Igor},
  journal={Advances in Neural Information Processing Systems (NeurIPS)},
  year={2017}
}
